@article{Scarsi1960Mar,
	author = {Scarsi, Livio},
	title = {{Cosmic Radiation}},
	journal = {American Journal of Physics},
	volume = {28},
	number = {3},
	pages = {213--220},
	year = {1960},
	month = mar,
	issn = {0002-9505},
	publisher = {AIP Publishing},
	doi = {10.1119/1.1935104}
}
@book{nasa,
    author    = "L. D. Edmonds and C. E. Barnes and L. Z. Scheick",
    title     = "An Introduction to Space Radiation Effects on Microelectronics",
    year      = "2000",
    publisher = "Jet Propulsion Laboratory, California Institute of Technology",
}
@article{usdept,
  author = {E. A. Navarrete and R. T. Kouzes and A. S. Ankney and J. L. Orrell and T. J. Berguson and M. D. Troy},
  journal = {Prepared for the US Department of Energy},
  title = {Cosmic ray interactions in shielding materials.},
  year = {2011},
  doi = {10.2172/1025678}
}
@article{Durante2014Apr,
	author = {Durante, Marco},
	title = {{Space radiation protection: Destination Mars}},
	journal = {Life Sci. Space Res.},
	volume = {1},
	pages = {2--9},
	year = {2014},
	month = apr,
	issn = {2214-5524},
	publisher = {Elsevier},
	doi = {10.1016/j.lssr.2014.01.002}
}
@incollection{deAguiar2024Aug,
	author = {de Aguiar, Ygor Quadros and Wrobel, Fr{\ifmmode\acute{e}\else\'{e}\fi}d{\ifmmode\acute{e}\else\'{e}\fi}ric and Autran, Jean-Luc and Al{\ifmmode\acute{\imath}\else\'{\i}\fi}a, Rub{\ifmmode\acute{e}\else\'{e}\fi}n Garc{\ifmmode\acute{\imath}\else\'{\i}\fi}a},
	title = {{Introduction to Single-Event Effects}},
	booktitle = {{Single-Event Effects, from Space to Accelerator Environments}},
	journal = {SpringerLink},
	pages = {29--47},
	year = {2024},
	month = aug,
	isbn = {978-3-031-71723-9},
	publisher = {Springer},
	address = {Cham, Switzerland},
	doi = {10.1007/978-3-031-71723-9_2}
}